% ....názov súboru je: literatura.bib

% zdroj na webe
@misc{Algoritmy,
	author = "Saturn Cloud",
	title = "Which Algorithm Does Google Maps Use to Compute the Direction between 2 Points?",
	howpublished = "\url{https://saturncloud.io/blog/which-algorithm-does-google-maps-use-to-compute-the-direction-between-2-points/}",


}@misc{Djikstra's,
	author = "ganga4518",
	title = "The Algorithms Behind The Working Of Google Maps",
	howpublished = "\url{https://blog.codechef.com/2021/08/30/the-algorithms-behind-the-working-of-google-maps-dijkstras-and-a-star-algorithm/}",
}@misc{AI-and-traffic,
	author = "Johann Lau",
	title = "Google Maps 101: How AI helps predict traffic and determine routes",
	howpublished = "\url{https://blog.google/products/maps/google-maps-101-how-ai-helps-predict-traffic-and-determine-routes/}",

}
@misc{Heuristika,
	author = "Wikipedia",
	title = "Heuristic (computer science)",
	howpublished = "\url{https://en.wikipedia.org/wiki/Heuristic_(computer_science)}",

}
@misc{Heuristika2,
	author = "Leopoldo Eduardo Cárdenas-Barrón",
	title = "Heuristic algorithm based on reduce and optimize approach for a selective and periodic inventory routing problem in a waste vegetable oil collection environment",
	howpublished = "\url{https://www.sciencedirect.com/science/article/pii/S0925527319300349}",

}
@misc{Algoritmy2,
	author = "Sachin Singh",
	title = "Heuristic (computer science)",
	howpublished = "\url{https://medium.com/@sachin.singh.professional/the-algorithms-behind-the-working-of-google-maps-73c379bcc9b9}",

}